@article{ref:mnih2013playing,
  title   = {Playing atari with deep reinforcement learning},
  author  = {Mnih, Volodymyr and Kavukcuoglu, Koray and Silver, David and Graves, Alex and Antonoglou, Ioannis and Wierstra, Daan and Riedmiller, Martin},
  journal = {arXiv preprint arXiv:1312.5602},
  year    = {2013}
}

@inproceedings{ref:yao2017integrated,
  title        = {An integrated IMU and UWB sensor based indoor positioning system},
  author       = {Yao, Leehter and Wu, Yeong-Wei Andy and Yao, Lei and Liao, Zhe Zheng},
  booktitle    = {2017 International Conference on Indoor Positioning and Indoor Navigation (IPIN)},
  pages        = {1--8},
  year         = {2017},
  organization = {IEEE}
}

@article{ref:ugarte1992curling,
  title     = {Curling and closure of graphitic networks under electron-beam irradiation},
  author    = {Ugarte, Daniel},
  journal   = {Nature},
  volume    = {359},
  number    = {6397},
  pages     = {707--709},
  year      = {1992},
  publisher = {Nature Publishing Group UK London}
}